@article{gruss2017strong,
  title={Strong and Efficient Cache Side-Channel Protection using Hardware Transactional Memory},
  author={Gruss, Daniel and Schuster, Felix and Ohrimenko, Olya and Haller, Istvan and Lettner, Julian and Costa, Manuel},
  year={2017}
}

@article{lee2016inferring,
  title={Inferring fine-grained control flow inside SGX enclaves with branch shadowing},
  author={Lee, Sangho and Shih, Ming-Wei and Gera, Prasun and Kim, Taesoo and Kim, Hyesoon and Peinado, Marcus},
  journal={arXiv preprint arXiv:1611.06952},
  year={2016}
}

@article{schwarz2017malware,
  title={Malware guard extension: Using SGX to conceal cache attacks},
  author={Schwarz, Michael and Weiser, Samuel and Gruss, Daniel and Maurice, Cl{\'e}mentine and Mangard, Stefan},
  journal={arXiv preprint arXiv:1702.08719},
  year={2017}
}

@inproceedings{cauligi2017fact,
  title={FaCT: A Flexible, Constant-Time Programming Language},
  author={Cauligi, Sunjay and Soeller, Gary and Brown, Fraser and Johannesmeyer, Brian and Huang, Yunlu and Jhala, Ranjit and Stefan, Deian},
  booktitle={Cybersecurity Development (SecDev), 2017 IEEE},
  pages={69--76},
  year={2017},
  organization={IEEE}
}

@inproceedings{rane2015raccoon,
  title={{Raccoon}: Closing Digital Side-Channels through Obfuscated Execution.},
  author={Rane, Ashay and Lin, Calvin and Tiwari, Mohit},
  booktitle={USENIX Security Symposium},
  pages={431--446},
  year={2015}
}

@inproceedings{andrysco2015subnormal,
  title={On subnormal floating point and abnormal timing},
  author={Andrysco, Marc and Kohlbrenner, David and Mowery, Keaton and Jhala, Ranjit and Lerner, Sorin and Shacham, Hovav},
  booktitle={Security and Privacy (SP), 2015 IEEE Symposium on},
  pages={623--639},
  year={2015},
  organization={IEEE}
}

@techreport{garcia2016constant,
  title={Constant-time callees with variable-time callers},
  author={Garc{\i}a, Cesar Pereida and Brumley, Billy Bob},
  year={2016},
  institution={IACR Cryptology ePrint Archive, Report 2016/1195}
}

@inproceedings{devriese2010noninterference,
  title={Noninterference through secure multi-execution},
  author={Devriese, Dominique and Piessens, Frank},
  booktitle={Security and Privacy (SP), 2010 IEEE Symposium on},
  pages={109--124},
  year={2010},
  organization={IEEE}
}

@inproceedings{almeida2016verifying,
  title={Verifying Constant-Time Implementations.},
  author={Almeida, Jos{\'e} Bacelar and Barbosa, Manuel and Barthe, Gilles and Dupressoir, Fran{\c{c}}ois and Emmi, Michael},
  booktitle={USENIX Security Symposium},
  pages={53--70},
  year={2016}
}

@misc{signalprivaterecovery,
    author    = {Moxie Marlinspike},
    title     = {{Technology preview: Private contact discovery for Signal}},
    howpublished = {\url{https://signal.org/blog/private-contact-discovery/}},
    year = {2017},
    month = {September},
    day = {26},
}

@inproceedings{arnaud2013timing,
  title={Timing Attack against Protected RSA-CRT Implementation Used in PolarSSL.},
  author={Arnaud, Cyril and Fouque, Pierre-Alain},
  booktitle={CT-RSA},
  pages={18--33},
  year={2013},
  organization={Springer}
}

@inproceedings{kocher1996timing,
  title={Timing attacks on implementations of Diffie-Hellman, RSA, DSS, and other systems},
  author={Kocher, Paul C},
  booktitle={Annual International Cryptology Conference},
  pages={104--113},
  year={1996},
  organization={Springer}
}

@inproceedings{osvik2006cache,
  title={Cache attacks and countermeasures: the case of AES},
  author={Osvik, Dag Arne and Shamir, Adi and Tromer, Eran},
  booktitle={Cryptographersâ€™ Track at the RSA Conference},
  pages={1--20},
  year={2006},
  organization={Springer}
}

@article{percival2005cache,
  title={Cache missing for fun and profit (2005)},
  author={Percival, Colin},
  journal={URL: http://www. daemonology. net/papers/htt. pdf},
  year={2005}
}

@article{hu1992reducing,
  title={Reducing timing channels with fuzzy time},
  author={Hu, Wei-Ming},
  journal={Journal of computer security},
  volume={1},
  number={3-4},
  pages={233--254},
  year={1992},
  publisher={IOS Press}
}
